
<!--158-->
<record>
  <leader>00627nam a2200217   4500</leader>
  <controlfield tag="001">BIBLIOPAC-010265</controlfield>
  <controlfield tag="003">Br</controlfield>
  <controlfield tag="005">20161123142836.0</controlfield>
  <controlfield tag="008">941014n00001994bsp           000 0 por u</controlfield>
  <datafield tag="020" ind1=" " ind2=" ">
    <subfield code="a">85-34-601488 </subfield>
  </datafield>
  <datafield tag="082" ind1="0" ind2="4">
    <subfield code="a">001.6425</subfield>
  </datafield>
  <datafield tag="090" ind1=" " ind2=" ">
    <subfield code="a">001.6425</subfield>
    <subfield code="b">R165c</subfield>
  </datafield>
  <datafield tag="092" ind1=" " ind2=" ">
    <subfield code="a">VI-28,2,12</subfield>
  </datafield>
  <datafield tag="100" ind1="1" ind2=" ">
    <subfield code="a">Ramalho, José Alves.</subfield>
    <subfield code="d">1961-</subfield>
  </datafield>
  <datafield tag="245" ind1="1" ind2="0">
    <subfield code="a">Clipper 5 : </subfield>
    <subfield code="b">releases 5.01 e 5.2  avançado - volume II / </subfield>
    <subfield code="c">José  Alves Ramalho. -</subfield>
  </datafield>
  <datafield tag="260" ind1=" " ind2=" ">
    <subfield code="a">São Paulo : </subfield>
    <subfield code="b">Makron Books, </subfield>
    <subfield code="c">c1994.</subfield>
  </datafield>
  <datafield tag="300" ind1=" " ind2=" ">
    <subfield code="a">xv, 500p. ; </subfield>
    <subfield code="c">24cm.</subfield>
  </datafield>
  <datafield tag="650" ind1=" " ind2=" ">
    <subfield code="a">CLIPPER (Programa de computador)</subfield>
  </datafield>
  <datafield tag="852" ind1=" " ind2=" ">
    <subfield code="a">Obras Gerais</subfield>
  </datafield>
  <datafield tag="942" ind1=" " ind2=" ">
    <subfield code="c">L</subfield>
  </datafield>
  <datafield tag="999" ind1=" " ind2=" ">
    <subfield code="c">16975</subfield>
    <subfield code="d">16975</subfield>
  </datafield>
  <datafield tag="952" ind1=" " ind2=" ">
    <subfield code="0">0</subfield>
    <subfield code="1">0</subfield>
    <subfield code="4">0</subfield>
    <subfield code="6">001_642500000000000_R165C</subfield>
    <subfield code="7">1</subfield>
    <subfield code="8">G</subfield>
    <subfield code="9">23090</subfield>
    <subfield code="a">sdin</subfield>
    <subfield code="b">sdin</subfield>
    <subfield code="d">2016-11-23</subfield>
    <subfield code="l">0</subfield>
    <subfield code="o">001.6425 R165c</subfield>
    <subfield code="p">95-0771</subfield>
    <subfield code="r">2016-11-23</subfield>
    <subfield code="w">2016-11-23</subfield>
    <subfield code="y">L</subfield>
  </datafield>
</record>