
<!--162-->
<record>
  <leader>00835nam a2200229 a 4500</leader>
  <controlfield tag="001">0002882</controlfield>
  <controlfield tag="005">20161125154356.0</controlfield>
  <controlfield tag="008">141017s||||     bl|||||||||||||||||por|u</controlfield>
  <datafield tag="082" ind1=" " ind2=" ">
    <subfield code="a">001.6425</subfield>
  </datafield>
  <datafield tag="090" ind1=" " ind2=" ">
    <subfield code="a">001.6425</subfield>
    <subfield code="b">S558a</subfield>
  </datafield>
  <datafield tag="100" ind1=" " ind2=" ">
    <subfield code="1"></subfield>
    <subfield code="a">Shlaer, Sally</subfield>
  </datafield>
  <datafield tag="245" ind1=" " ind2=" ">
    <subfield code="1">0</subfield>
    <subfield code="a">Analise de sistemas orientada para objetos /</subfield>
    <subfield code="c">Sally Shlaer, Stephen J. Mellor ; trad. Anna Terzi Giova.</subfield>
  </datafield>
  <datafield tag="260" ind1=" " ind2=" ">
    <subfield code="a">Sao Paulo :</subfield>
    <subfield code="b">Makron,</subfield>
    <subfield code="c">1990.</subfield>
  </datafield>
  <datafield tag="300" ind1=" " ind2=" ">
    <subfield code="a">xi, 178 p. :</subfield>
    <subfield code="b">il.</subfield>
    <subfield code="c">25cm</subfield>
  </datafield>
  <datafield tag="504" ind1=" " ind2=" ">
    <subfield code="a">Bibliografia.</subfield>
  </datafield>
  <datafield tag="593" ind1=" " ind2=" ">
    <subfield code="a">O livro esta fora e sem codigo de barras, foi mudado o n. de classificacao de 005.421 para 005.42 (BCCE)</subfield>
  </datafield>
  <datafield tag="650" ind1=" " ind2=" ">
    <subfield code="4"></subfield>
    <subfield code="a">Analise de sistemas.</subfield>
  </datafield>
  <datafield tag="650" ind1=" " ind2=" ">
    <subfield code="4"></subfield>
    <subfield code="a">Software</subfield>
    <subfield code="x">Desenvolvimento.</subfield>
  </datafield>
  <datafield tag="650" ind1=" " ind2=" ">
    <subfield code="4"></subfield>
    <subfield code="a">Engenharia de software.</subfield>
  </datafield>
  <datafield tag="650" ind1=" " ind2=" ">
    <subfield code="4"></subfield>
    <subfield code="a">Programação orientada a objetos (Computação).</subfield>
  </datafield>
  <datafield tag="700" ind1=" " ind2=" ">
    <subfield code="1"></subfield>
    <subfield code="a">Mellor, Stephen J.</subfield>
  </datafield>
  <datafield tag="999" ind1=" " ind2=" ">
    <subfield code="c">17958</subfield>
    <subfield code="d">17958</subfield>
  </datafield>
  <datafield tag="952" ind1=" " ind2=" ">
    <subfield code="0">0</subfield>
    <subfield code="1">0</subfield>
    <subfield code="2">ddc</subfield>
    <subfield code="4">0</subfield>
    <subfield code="6">001_642500000000000_S558A</subfield>
    <subfield code="7">0</subfield>
    <subfield code="9">24242</subfield>
    <subfield code="a">sdin</subfield>
    <subfield code="b">sdin</subfield>
    <subfield code="d">2016-11-25</subfield>
    <subfield code="l">0</subfield>
    <subfield code="o">001.6425 S558a</subfield>
    <subfield code="p">96-0065</subfield>
    <subfield code="r">2016-11-25</subfield>
    <subfield code="w">2016-11-25</subfield>
    <subfield code="y">L</subfield>
  </datafield>
</record>