
<!--170-->
<record>
  <leader>00572nam a2200193   4500</leader>
  <controlfield tag="001">BIBLIOPAC-010369</controlfield>
  <controlfield tag="005">20161123142853.0</controlfield>
  <controlfield tag="008">010824s1995    bl a    r     000 0 por d</controlfield>
  <datafield tag="020" ind1=" " ind2=" ">
    <subfield code="a">8534604355</subfield>
  </datafield>
  <datafield tag="082" ind1="0" ind2="4">
    <subfield code="a">001.644</subfield>
    <subfield code="6">BCCE</subfield>
  </datafield>
  <datafield tag="090" ind1=" " ind2=" ">
    <subfield code="a">001.644</subfield>
    <subfield code="b">N134g</subfield>
  </datafield>
  <datafield tag="100" ind1="1" ind2=" ">
    <subfield code="a">Nadeau, Michael</subfield>
  </datafield>
  <datafield tag="245" ind1="1" ind2="0">
    <subfield code="a">Guia byte para o CD-ROM / </subfield>
    <subfield code="c">Michael Nadeau ; trad. Flavio Deny Steffen.</subfield>
  </datafield>
  <datafield tag="260" ind1=" " ind2=" ">
    <subfield code="a">Sao Paulo : </subfield>
    <subfield code="b">Makron, </subfield>
    <subfield code="c">1995.</subfield>
  </datafield>
  <datafield tag="300" ind1=" " ind2=" ">
    <subfield code="a">lvi, 463 p : </subfield>
    <subfield code="b">il</subfield>
    <subfield code="c">24 cm</subfield>
    <subfield code="e">1 cd-rom</subfield>
  </datafield>
  <datafield tag="650" ind1=" " ind2="4">
    <subfield code="a">Memoria externa</subfield>
    <subfield code="x">Manuais, guias, etc</subfield>
  </datafield>
  <datafield tag="650" ind1=" " ind2="4">
    <subfield code="a">Informática.</subfield>
  </datafield>
  <datafield tag="942" ind1=" " ind2=" ">
    <subfield code="c">L</subfield>
  </datafield>
  <datafield tag="999" ind1=" " ind2=" ">
    <subfield code="c">17079</subfield>
    <subfield code="d">17079</subfield>
  </datafield>
  <datafield tag="952" ind1=" " ind2=" ">
    <subfield code="0">0</subfield>
    <subfield code="1">0</subfield>
    <subfield code="4">0</subfield>
    <subfield code="6">001_644000000000000_N134G</subfield>
    <subfield code="7">0</subfield>
    <subfield code="8">G</subfield>
    <subfield code="9">23222</subfield>
    <subfield code="a">sdin</subfield>
    <subfield code="b">sdin</subfield>
    <subfield code="d">2016-11-23</subfield>
    <subfield code="l">0</subfield>
    <subfield code="o">001.644 N134g</subfield>
    <subfield code="p">95-1427</subfield>
    <subfield code="r">2016-11-23</subfield>
    <subfield code="w">2016-11-23</subfield>
    <subfield code="y">L</subfield>
  </datafield>
</record>