
<!--177-->
<record>
  <leader>00773nam a2200241   4500</leader>
  <controlfield tag="001">BIBLIOPAC-010171</controlfield>
  <controlfield tag="003">Br</controlfield>
  <controlfield tag="005">20161123142827.0</controlfield>
  <controlfield tag="008">140410s20140000brj           001 0 por u</controlfield>
  <datafield tag="082" ind1="0" ind2="4">
    <subfield code="a">001.6442</subfield>
  </datafield>
  <datafield tag="090" ind1=" " ind2=" ">
    <subfield code="a">001.6442</subfield>
    <subfield code="b">C518m</subfield>
  </datafield>
  <datafield tag="092" ind1=" " ind2=" ">
    <subfield code="a">IV-275,4,25</subfield>
  </datafield>
  <datafield tag="100" ind1="1" ind2=" ">
    <subfield code="a">Chen, Peter.</subfield>
  </datafield>
  <datafield tag="243" ind1="0" ind2="0">
    <subfield code="a">NORTON UTILITIES version 4.0.</subfield>
    <subfield code="l">Portugues</subfield>
  </datafield>
  <datafield tag="245" ind1="1" ind2="0">
    <subfield code="a">Modelagem de dados:   </subfield>
    <subfield code="b">a abordagem entidade-relacionamento para projeto lógico / </subfield>
    <subfield code="c">Peter Chen; Tradução Cecília Camargo Bartalotti.</subfield>
  </datafield>
  <datafield tag="260" ind1=" " ind2=" ">
    <subfield code="a">São Paulo :   </subfield>
    <subfield code="b">McGraw-Hill, </subfield>
    <subfield code="c">1990.</subfield>
  </datafield>
  <datafield tag="300" ind1=" " ind2=" ">
    <subfield code="a">vii, 80p. : </subfield>
    <subfield code="b">il.</subfield>
  </datafield>
  <datafield tag="650" ind1=" " ind2=" ">
    <subfield code="a">Bancos de dados</subfield>
    <subfield code="x">Gerência.</subfield>
  </datafield>
  <datafield tag="650" ind1=" " ind2="4">
    <subfield code="a">Projetos</subfield>
    <subfield code="x">Bancos de dados.</subfield>
  </datafield>
  <datafield tag="700" ind1="1" ind2=" ">
    <subfield code="a">Bartalotti, Cecília Camargo.</subfield>
  </datafield>
  <datafield tag="852" ind1=" " ind2=" ">
    <subfield code="a">Obras Gerais</subfield>
  </datafield>
  <datafield tag="942" ind1=" " ind2=" ">
    <subfield code="c">L</subfield>
  </datafield>
  <datafield tag="999" ind1=" " ind2=" ">
    <subfield code="c">16881</subfield>
    <subfield code="d">16881</subfield>
  </datafield>
  <datafield tag="952" ind1=" " ind2=" ">
    <subfield code="0">0</subfield>
    <subfield code="1">0</subfield>
    <subfield code="4">0</subfield>
    <subfield code="6">001_644200000000000_C518M</subfield>
    <subfield code="7">1</subfield>
    <subfield code="8">G</subfield>
    <subfield code="9">22992</subfield>
    <subfield code="a">sdin</subfield>
    <subfield code="b">sdin</subfield>
    <subfield code="d">2016-11-23</subfield>
    <subfield code="l">0</subfield>
    <subfield code="o">001.6442 C518m</subfield>
    <subfield code="p">96-0069</subfield>
    <subfield code="r">2016-11-23</subfield>
    <subfield code="w">2016-11-23</subfield>
    <subfield code="y">L</subfield>
  </datafield>
</record>