
<!--179-->
<record>
  <leader>00805nam a2200277   4500</leader>
  <controlfield tag="001">BIBLIOPAC-010295</controlfield>
  <controlfield tag="003">Br</controlfield>
  <controlfield tag="005">20161123142841.0</controlfield>
  <controlfield tag="008">940414s19901993bsp           001 0 por u</controlfield>
  <datafield tag="020" ind1=" " ind2=" ">
    <subfield code="a">85-7251-071-0</subfield>
  </datafield>
  <datafield tag="082" ind1="1" ind2=" ">
    <subfield code="a">001.6443</subfield>
  </datafield>
  <datafield tag="090" ind1=" " ind2=" ">
    <subfield code="a">001.6443</subfield>
    <subfield code="b">W335p</subfield>
  </datafield>
  <datafield tag="092" ind1=" " ind2=" ">
    <subfield code="a">VI-7,4,26</subfield>
  </datafield>
  <datafield tag="100" ind1="1" ind2=" ">
    <subfield code="a">Watkins, Christopher D.</subfield>
  </datafield>
  <datafield tag="243" ind1="0" ind2="0">
    <subfield code="a">Handbook of walkthroughs.</subfield>
    <subfield code="l">Portugues</subfield>
  </datafield>
  <datafield tag="245" ind1="1" ind2="0">
    <subfield code="a">Programando em 3 dimensões / </subfield>
    <subfield code="c">Christopher D. Watkins, Larry Sharp; Tradução Amir Kurban.</subfield>
  </datafield>
  <datafield tag="260" ind1=" " ind2=" ">
    <subfield code="a">Rio de Janeiro : </subfield>
    <subfield code="b">Berkeley, </subfield>
    <subfield code="c">1992.</subfield>
  </datafield>
  <datafield tag="300" ind1=" " ind2=" ">
    <subfield code="a">viii, 376p. : </subfield>
    <subfield code="b">il.</subfield>
  </datafield>
  <datafield tag="595" ind1=" " ind2=" ">
    <subfield code="a">BNB</subfield>
    <subfield code="c">93/03</subfield>
  </datafield>
  <datafield tag="650" ind1=" " ind2="4">
    <subfield code="a">Gráficos por computar.</subfield>
  </datafield>
  <datafield tag="650" ind1=" " ind2="4">
    <subfield code="a">Programação</subfield>
    <subfield code="x">Computadores.</subfield>
  </datafield>
  <datafield tag="700" ind1="1" ind2=" ">
    <subfield code="a">Sharp, Larry.</subfield>
  </datafield>
  <datafield tag="700" ind1="1" ind2=" ">
    <subfield code="a">Kurban, Amir. </subfield>
  </datafield>
  <datafield tag="852" ind1=" " ind2=" ">
    <subfield code="a">Obras Gerais</subfield>
  </datafield>
  <datafield tag="942" ind1=" " ind2=" ">
    <subfield code="c">L</subfield>
  </datafield>
  <datafield tag="999" ind1=" " ind2=" ">
    <subfield code="c">17005</subfield>
    <subfield code="d">17005</subfield>
  </datafield>
  <datafield tag="952" ind1=" " ind2=" ">
    <subfield code="0">0</subfield>
    <subfield code="1">0</subfield>
    <subfield code="4">0</subfield>
    <subfield code="6">001_644300000000000_W335P</subfield>
    <subfield code="7">1</subfield>
    <subfield code="8">G</subfield>
    <subfield code="9">23129</subfield>
    <subfield code="a">sdin</subfield>
    <subfield code="b">sdin</subfield>
    <subfield code="d">2016-11-23</subfield>
    <subfield code="l">0</subfield>
    <subfield code="o">001.6443 W335p</subfield>
    <subfield code="p">94-0004</subfield>
    <subfield code="r">2016-11-23</subfield>
    <subfield code="w">2016-11-23</subfield>
    <subfield code="y">L</subfield>
  </datafield>
</record>

</collection>
